<record><leader>00000cas a2200000 a 4500</leader><controlfield tag="001">12671418</controlfield><controlfield tag="008">851014d18881909ksuwr ne      0    0eng c</controlfield><datafield ind1=" " ind2=" " tag="010"><subfield code="a">sn 85032576 </subfield></datafield><datafield ind1=" " ind2=" " tag="040"><subfield code="a">KSH</subfield><subfield code="b">eng</subfield><subfield code="c">KSH</subfield><subfield code="d">NPT</subfield><subfield code="d">OBN</subfield><subfield code="d">OCL</subfield><subfield code="d">OCLCQ</subfield><subfield code="d">DLC</subfield><subfield code="d">CUI</subfield><subfield code="d">DLC</subfield><subfield code="d">OCLCQ</subfield><subfield code="d">OCLCF</subfield></datafield><datafield ind1="1" ind2=" " tag="029"><subfield code="a">AU@</subfield><subfield code="b">000022166260</subfield></datafield><datafield ind1=" " ind2=" " tag="042"><subfield code="a">pcc</subfield></datafield><datafield ind1=" " ind2=" " tag="043"><subfield code="a">n-us-ks</subfield></datafield><datafield ind1=" " ind2="4" tag="050"><subfield code="a">AN</subfield></datafield><datafield ind1="0" ind2=" " tag="130"><subfield code="a">Wichita weekly eagle (Wichita, Kan. : 1888)</subfield></datafield><datafield ind1="1" ind2="0" tag="245"><subfield code="a">Wichita weekly eagle.</subfield></datafield><datafield ind1="3" ind2="1" tag="246"><subfield code="a">Wichita eagle</subfield><subfield code="f">July 19, 1888</subfield></datafield><datafield ind1=" " ind2=" " tag="260"><subfield code="a">Wichita, Kan. :</subfield><subfield code="b">M.M. Murdock &amp; Bro.</subfield></datafield><datafield ind1=" " ind2=" " tag="300"><subfield code="a">v.</subfield></datafield><datafield ind1=" " ind2=" " tag="310"><subfield code="a">Weekly</subfield></datafield><datafield ind1="0" ind2=" " tag="362"><subfield code="a">Vol. 16, no. 45 (Jan. 27, 1888)-v. 37, no. 14 (May 14, 1909).</subfield></datafield><datafield ind1=" " ind2=" " tag="515"><subfield code="a">Numbering is irregular.</subfield></datafield><datafield ind1=" " ind2=" " tag="580"><subfield code="a">Issued also in daily edition called: Wichita eagle (Wichita, Kan. : 1886) Aug. 18, 1886-Mar. 16, 1890; Wichita daily eagle (Wichita, Kan. : 1890) May 18, 1890-June 9, 1906; Wichita eagle (Wichita, Kan. : 1906) June 10, 1906-June 14, 1911.</subfield></datafield><datafield ind1=" " ind2="0" tag="651"><subfield code="a">Wichita (Kan.)</subfield><subfield code="v">Newspapers.</subfield></datafield><datafield ind1=" " ind2="0" tag="651"><subfield code="a">Sedgwick County (Kan.)</subfield><subfield code="v">Newspapers.</subfield></datafield><datafield ind1=" " ind2="7" tag="655"><subfield code="a">Newspapers.</subfield><subfield code="2">fast</subfield><subfield code="0">(OCoLC)fst01423814</subfield></datafield><datafield ind1=" " ind2="7" tag="651"><subfield code="a">Kansas</subfield><subfield code="z">Sedgwick County.</subfield><subfield code="2">fast</subfield><subfield code="0">(OCoLC)fst01209406</subfield></datafield><datafield ind1=" " ind2="7" tag="651"><subfield code="a">Kansas</subfield><subfield code="z">Wichita.</subfield><subfield code="2">fast</subfield><subfield code="0">(OCoLC)fst01207210</subfield></datafield><datafield ind1=" " ind2=" " tag="752"><subfield code="a">United States</subfield><subfield code="b">Kansas</subfield><subfield code="c">Sedgwick</subfield><subfield code="d">Wichita.</subfield></datafield><datafield ind1="1" ind2=" " tag="775"><subfield code="t">Wichita eagle (Wichita, Kan. : 1886)</subfield><subfield code="x">2158-9054</subfield><subfield code="w">(DLC)sn 85032490</subfield><subfield code="w">(OCoLC)12607432</subfield></datafield><datafield ind1="1" ind2=" " tag="775"><subfield code="t">Wichita daily eagle (Wichita, Kan. : 1890)</subfield><subfield code="x">2158-8880</subfield><subfield code="w">(DLC)sn 82014635</subfield><subfield code="w">(OCoLC)8800992</subfield></datafield><datafield ind1="1" ind2=" " tag="775"><subfield code="t">Wichita eagle (Wichita, Kan. : 1906)</subfield><subfield code="w">(DLC)sn 85032556</subfield><subfield code="w">(OCoLC)12607453</subfield></datafield><datafield ind1="0" ind2="0" tag="780"><subfield code="t">Wichita eagle (Wichita, Kan. : 1883)</subfield><subfield code="x">2159-3752</subfield><subfield code="w">(DLC)sn 85032575</subfield><subfield code="w">(OCoLC)12636967</subfield></datafield><datafield ind1="0" ind2="0" tag="785"><subfield code="t">Wichita eagle (Wichita, Kan. : 1909)</subfield><subfield code="w">(DLC)sn 85032577</subfield><subfield code="w">(OCoLC)12640543</subfield></datafield></record>